<?xml version="1.0" encoding="UTF-8"?><collection xmlns="http://www.loc.gov/MARC21/slim"><record><leader>00676nam--2200193-i-4500</leader><controlfield tag="001">000034946</controlfield><controlfield tag="002">20161230</controlfield><controlfield tag="005">20170108225535</controlfield><controlfield tag="008">060222s1000------------r-----000-0-fre-d</controlfield><datafield ind1=" " ind2=" " tag="040"><subfield code="a">IFIN-HH</subfield></datafield><datafield ind1=" " ind2=" " tag="041"><subfield code="a">fre</subfield></datafield><datafield ind1=" " ind2=" " tag="080"><subfield code="a">538.91:537.61(043)</subfield></datafield><datafield ind1="1" ind2=" " tag="100"><subfield code="a">Nourtier, Nee</subfield></datafield><datafield ind1="1" ind2="0" tag="245"><subfield code="a">Effets magnetostrictifs dans les metaux presentant une inhomogenelite de l`aimantation</subfield><subfield code="b">Simulation De Topographies Aux Rayons X(Methode De Lang) De Domaines Ferromagnetiques Dans Le Fer-silicium. These</subfield><subfield code="c">Christiane Nourtier, Nee Lefebvre</subfield></datafield><datafield ind1=" " ind2=" " tag="260"><subfield code="a">Orday</subfield><subfield code="b">Universite</subfield><subfield code="c">1979</subfield></datafield><datafield ind1=" " ind2=" " tag="300"><subfield code="a">81 p</subfield></datafield><datafield ind1=" " ind2=" " tag="700"><subfield code="a">Lefebvre, Christiane</subfield></datafield><datafield ind1=" " ind2=" " tag="852"><subfield code="a">75735</subfield><subfield code="c">539.2</subfield></datafield><datafield ind1=" " ind2=" " tag="CAT"><subfield code="a">SYS</subfield><subfield code="c">20170108</subfield><subfield code="h">225535</subfield></datafield></record></collection>